@jbook{Minami1980,
author = {{南},{博}},
title = {人間行動学},
publisher={岩波書店},
year = {1980},
sortname={Minami, H.},
}

@jbook{Yasuda1977,
author={{安田},{三郎} and {海野}, {道郎}},
title = {社会統計学},
edition ={改訂2版},
publisher={丸善},
year={1977},
sortname={Yasuda, S.},
}

@jbook{Hayashi1976,
editor={{林},{知己夫} and {飽戸},{宏}},
editorrole={編著},
title ={多次元尺度構成法}, 
publisher={サイエンス社},
year={1976},
sortname={Hayashi, C.},
}

@jinbook{Takahashi1975,
author={{高橋}, {澪子}},
editor={{八木}, 冕},
title={心理学における方法論の史的展開},
booktitle={心理学研究法1　方法論},
publisher={東京大学出版会},
pages={19-77},
year={1975},
sortname={Takahashi, M.},
}

@jmvbook{Yagi1981,
editor={{八木}, {冕}},
series={現代基礎心理学},
publisher={東京大学出版会},
year={1981-86}, 
volumes={12},
sortname={Yagi, B.},
}

@jbook{Ikeuchi1977,
editor={{池内},{一}},
year={1977},
booktitle={講座社会心理学3　集合現象},
publisher={東京大学出版会},
sortname={Ikeuchi},
}

@jbook{Hebb1972,
origauthor={Hebb, D. O.},
origtitle={Textbook of psychology},
edition={3rd ed.},
origpublisher={Saunders},
location={Philadelphia},
origyear={1972},
author={ヘッブ, D. O.},
translator={{白井}, {常} and {鹿取}, {廣人} and {金城}, {辰夫} and {今村},{護郎}},
year={1975},
title={行動学入門　第3版},
publisher={紀伊国屋書店},
}

@jarticle{Yagi2004,
author={{八木}, {善彦} and {菊地}, {正}},
year={2004},
title={ストループ様課題を用いた注意の負荷理論の検討},
journal={心理学研究},
volume={74},
pages={131--139},
sortname={Yagi, Y. and Kikuchi}
}

@jarticle{Tokoro1989,
author={{所},{正文}},
year={1989},
title={職業生活意識の立体構造分析に関する試論},
journal={応用心理学研究\nobreak,},
number={14},
pages={1--11},
sortname={Tokoro},
}

@jreport{Sourifu1990,
author={{総理府統計局}},
year={1990},
title={家計調査年報　1989年版},
institution={財団法人日本統計協会},
sortname={Sourifu},
}

@jarticle{Moroi1987,
author={{諸井},{克英} and {小山},{久美}},
year={1987},
title={対人関係への衡平理論の適用 ---予備的検討---},
journal={人文論集（静岡大学人文学部社会学科・人文学科報告）},
volume={37},
pages={15-40},
sortname={Moroi},
}

@jreport{Osaka2004,
author={{苧阪}, {直行}},
year={2004},
title={意識とワーキングメモリの脳内メカニズムの研究},
type={報告書},
institution={文部科学省科学研究費補助金・研究成果報告書},
sortname={Osaka},
}

@jonline{JPA2004,
author={{日本心理学会}},
year={2004},
title={{事務局からのおしらせ}},
organization={日本心理学会　2004年2月13日},
url={http://wwwsoc.nii.ac.jp/cgi-bin/jpa/minibbs.cgi?log=log1},
urldate={2004-02-25},
sortname={NihonShinriGakkai},
}

@online{APA2004,
author={{American Psychological Association}},
year={2004},
title={{APA} topic: {ADHD}},
organization={{American Psychological Association}},
url={http://www.apa.org/topics/topic_adhd.html},
urldate={2004-02-25},
}

@jarticle{Kusumi1994,
author={{楠見},{孝}},
title={比喩理解における主題の意味変化 ---構成語間の相互作用の検討---},
journal={心理学研究},
volume={65},
pages={197--205},
year={1994},
eauthor={Kusumi, T.},
etitle={Semantic change of topic in metaphor comprehension: {I}nteraction of constituent words},
ejournal={Japanese Journal of Psychology},
}


@jbook{Toyoda1992,
author={{豊田},{秀樹}},
title={SASによる共分散構造分析},
publisher={東京大学出版会},
year={1992},
eauthor={Toyoda, H.},
etitle={Covariance structure analysis with SAS},
location={Tokyo},
epublisher={University of Tokyo Press},
}

@jarticle{Kugihara2003,
author={{釘原},{直樹}},
title={実験仮説と結果を知らせることが集団のパーフォーマンスに与える効果},
year={2003},
journal={日本心理学会第67回大会発表論文集},
pages={110},
sortname={Kugihara},
}


@jarticle{Tsuruga2004,
author={{敦賀}, {麻理子} and {鈴木}, {直人}},
title={``あがり''喚起時の精神生理学的反応},
year={2004},
journal={感情心理学研究},
volume={11},
pages={37},
sortname={Tsuruga},
}


@jthesis{Taniguchi2001,
author={{谷口},{弘一}},
year={2001},
title={サポートの互恵性と精神的健康の関連に関する研究 ---個人内および個人間発達の観点からの検討---},
institution={広島大学大学院生物圏科学研究科},
type={博士論文 (未公刊)},
sortname={Taniguchi},
}


@jnewsarticle{Maicho2001,
author={{毎朝新聞}},
year={2004},
title={学生の飲酒問題にいかに立ち向かうか},
issue={11月24日朝刊},
sortname={Maicho},
}

@jnewsarticle{Berkowitz2004,
author={{ベルコビッツ}},
year={2004},
title={学生の飲酒問題にいかに立ち向かうか},
issuetitle={毎朝新聞},
issue={11月24日朝刊},
sortname={Berkowitz},
}

@jbook{Blechman1990,
origauthor={Blechman, E. A.},
author={{ブレックマン}, E. A.},
translator={{松山},義則 and {濱},治世},
translatorrole={監訳},
origbooktitle={Emotions and family: {F}or better or for worse},
title={家族の感情心理学},
origpublisher={Lawrence Erlbaum Associates},
publisher={北大路書房},
origyear={1990},
location={New York},
year={1998},
}

@book{Duchenne1990, 
author={Duchenne de Boulongne, G. B.},
year={1990},
title={The mechanism of human facial expression},
titleaddon={Trans. \& Ed. by R. A. Cuthbertson},
location={Cambridge},
publisher={Cambridge University Press},
addendum={Original work published (1862).},
} 

@article{Ekman1965,
author={Ekman, P.},
year={1965},
title={Differential communication of affect by head and body cue},
journal={Journal of Personality and Social Psychology},
volume={2},
pages={725-735},
}

@article{Ekman1992,
author={Ekman, P.},
year={1992},
title={An argument for basic emotions},
journal={Cognition and Emotion},
volume={6},
pages={169-200},
}

@article{Ekman1990,
author={Ekman, P. and Davidson, R. and Friesen, W, V},
year={1990},
title={The Duchenne smile},
subtitle={Emotional expression and brain physiology, {II}},
journal={Journal of Personality and Social Psychology},
volume={58},
pages={342-353},
}

@article{Ekman1969a,
author={Ekman, P. and Friesen, W, V},
year={1969},
title={Nonverbal leakage and clues to deception},
journal={Psychiatry},
volume={32},
pages={88-105},
}

@article{Ekman1969b,
author={Ekman, P. and Friesen, W, V},
year={1969},
title={The repertoire of nonverbal behavior},
subtitle={Origins, usage, and coding},
journal={Semiotica},
volume={1},
pages={49-98},
}

@book{Ekman1978,
author={Ekman, P. and Friesen, W, V},
year={1978},
title={Facial Action Coding System},
subtitle={A technique for the measurement of facial movement},
location={Palo Alto, CA},
publisher={Consulting Psychologists Press},
}

@inbook{Ekman1982,
author={Ekman, P. and Friesen, W, V and Ellsworth, P},
year={1982},
title={Conceptual ambiguities},
editor={P. Ekman},
booktitle={Emotion in human face},
edition={2nd ed.},
location={Palo Alto, CA},
publisher={Consulting Psychologists Press},
pages={98-110},
}

@jarticle{Koga1992,
author={{古賀},{愛人} and {岸本},{陽一} and {寺崎},{正治}},
title={多面的感情状態尺度（短縮版）の妥当性},
journal={日本心理学会第56回大会発表論文集},
volume={646},
pages={197--205},
year={1994},
eauthor={Koga, A. and Kishimoto, Y. and Terasaki, M.},
}

@jarticle{Ogawa2000,
author={{小川},{時洋} and {門地},{里絵} and {菊谷},{麻美} and {鈴木},{直人}},
title={一般感情尺度の作成},
journal={心理学研究},
volume={71},
pages={241-246},
year={2000},
eauthor={Ogawa, T. and Monchi, R. and Kikuya, M. and Suzuki, N.},
etitle={Development of the General Affect Scales},
ejournal={Japanese Journal of Psychology},
}

@jinbook{Sumitsuji1978,
author={{角辻},豊},
year={1978},
title={情動の表出},
editor={{金子},{仁郎} and {菱川},{康夫} and {志水},{彰}},
publisher={金原出版},
pages={196-209},
booktitle={精神生理学IV　情動の生理学},
eauthor={Sumitsuji, Y.},
}

@article{Paivio1968,
author={Paivio, A.},
year={1968},
title={A factor-analytic study of word attributes and verbal learning},
journal={Journal of Verbal Learning and Verbal Behavior},
volume={7},
pages={41-49},
}

@book{Paivio1971,
author={Paivio, A.},
year={1971},
title={Imagery and verbal processes},
location={New York},
publisher={Holt, Rinehart \& Winston},
}

@inbook{Peterson1977,
author={Peterson, L. R. and Rawlings, L. and Cohen, C.},
year={1977},
title={The internal construction of spatial patterns},
editor={G. H. Bower},
booktitle={The psychology of learning and motivation},
booksubtitle={Advances in research and theory},
volume={11},
location={New York},
publisher={Academic Press},
pages={245-276},
}

@jarticle{Shibata2015,
author={{芝田},{征司}},
title={{BibLaTeX}による文献リスト作成の自動化},
journal={LaTeX研究},
eauthor={Shibata, S.},
etitle={Automation of bibliography compilation using {LaTeX}},
ejournal={Japanese Journal of LaTeX},
pubstate={印刷中},
epubstate={in press},
}


